% $Id$
@book{
		Silberschatz2009osc,
		author={Silberschatz, Abraham and Galvin, Peter Baer and Gagne, Greg},
		title={Operating System Concepts},
		publisher={John Wiley {\&} Sons Inc},
		address={Hoboken, N.J.},
		year={2009},
		edition={8},
		keywords={Operativsystem},
		key={Silb09},
}
@book{
		Silberschatz2005osc,
		author={Silberschatz, Abraham and Galvin, Peter Baer and Gagne, Greg},
		title={Operating system concepts},
		publisher={Wiley},
		address={New York},
		year={2005},
		edition={7},
		keywords={Operativsystem},
		key={Silb05},
}
@misc{
		BellLabs2002tco,
		author={Bell Labs},
		title={The Creation of the {UNIX} Operating System},
		year={2002},
		URL={http://www.bell-labs.com/history/unix/},
		key={Bell02a},
}
@misc{
		BellLabs2002aoo,
		author={Bell Labs},
		title={An Overview of the {UNIX} Operating System},
		year={2002},
		URL={http://www.bell-labs.com/history/unix/tutorial.html},
		key={Bell02b},
}
@manual{
		bsdman,
		organisation={OpenBSD},
		title={OpenBSD Reference Manual},
		note={OpenBSD 5.0},
		URL={http://www.openbsd.org/cgi-bin/man.cgi?manpath=OpenBSD+5.0&arch=i386&format=html},
}
@manual{
		linuxman,
		organisation={Linux},
		title={Linux Programmer's Manual},
		URL={http://unixhelp.ed.ac.uk/CGI/man-cgi},
}
@misc{
	Bosk2010libris,
	author={Bosk, Daniel},
	title={libris: a script for fetching reference information},
	year={2010},
	URL={https://apachepersonal.miun.se/~danbos/pub/libris},
}
@misc{
	Bosk2012rm,
	author={Bosk, Daniel},
	title={rm: a script to delay removal of files},
	year={2012},
	URL={https://apachepersonal.miun.se/~danbos/pub/rm},
}
