@article{Knuth1989arr,
	author={Knuth, Donald E. and Pittel, Boris},
	title={A recurrence related to trees},
	journal={Proc. Amer. Math. Soc.},
	year={1989},
	volume={105},
	pages={335--349},
}
